<collection xmlns="http://www.loc.gov/MARC21/slim">
   <record>
      <leader>02067cam a22004218i 45 0</leader>
      <controlfield tag="001">6805169</controlfield>
      <controlfield tag="005">20140523181243.0</controlfield>
      <controlfield tag="008">140521s2015    nyu      b    000 0 eng  </controlfield>
      <datafield ind1=" " ind2=" " tag="010">
         <subfield code="a">  2014007011</subfield>
      </datafield>
      <datafield ind1=" " ind2=" " tag="020">
         <subfield code="a">9780231149600 (cloth : acid-free paper)</subfield>
      </datafield>
      <datafield ind1=" " ind2=" " tag="035">
         <subfield code="a">ocn896598165</subfield>
      </datafield>
      <datafield ind1=" " ind2=" " tag="040">
         <subfield code="a">DLC</subfield>
         <subfield code="b">eng</subfield>
         <subfield code="e">rda</subfield>
         <subfield code="c">DLC</subfield>
         <subfield code="d">AENTC</subfield>
      </datafield>
      <datafield ind1="1" ind2=" " tag="041">
         <subfield code="a">eng</subfield>
         <subfield code="h">fre</subfield>
      </datafield>
      <datafield ind1=" " ind2=" " tag="042">
         <subfield code="a">pcc</subfield>
      </datafield>
      <datafield ind1=" " ind2=" " tag="043">
         <subfield code="a">e-sp---</subfield>
      </datafield>
      <datafield ind1="0" ind2="0" tag="050">
         <subfield code="a">BX4700.T4</subfield>
         <subfield code="b">K7513 2014</subfield>
      </datafield>
      <datafield ind1="0" ind2="0" tag="082">
         <subfield code="a">282.092</subfield>
         <subfield code="a">B</subfield>
         <subfield code="2">23</subfield>
      </datafield>
      <datafield ind1=" " ind2=" " tag="090">
         <subfield code="a">BX 4700 T4 K7513 2015</subfield>
         <subfield code="b">AENTC</subfield>
      </datafield>
      <datafield ind1="1" ind2=" " tag="100">
         <subfield code="a">Kristeva, Julia,</subfield>
         <subfield code="d">1941-</subfield>
         <subfield code="e">author.</subfield>
         <subfield code="0">http://id.loc.gov/authorities/names/n50045983</subfield>
         <subfield code="0">http://viaf.org/viaf/108172648</subfield>
      </datafield>
      <datafield ind1="1" ind2="0" tag="240">
         <subfield code="a">Thérèse mon amour.</subfield>
         <subfield code="l">English</subfield>
      </datafield>
      <datafield ind1="1" ind2="0" tag="245">
         <subfield code="a">Teresa my love :</subfield>
         <subfield code="b">an imagined life of the saint of Avila /</subfield>
         <subfield code="c">Julia Kristeva ; tanslated by Lorna Scott Fox.</subfield>
      </datafield>
      <datafield ind1=" " ind2="1" tag="264">
         <subfield code="a">New York :</subfield>
         <subfield code="b">Columbia University Press,</subfield>
         <subfield code="c">2014.</subfield>
      </datafield>
      <datafield ind1=" " ind2=" " tag="300">
         <subfield code="a">xiv, 630 pages :</subfield>
         <subfield code="b">illustrations ;</subfield>
         <subfield code="c">24 cm</subfield>
      </datafield>
      <datafield ind1=" " ind2=" " tag="336">
         <subfield code="a">text</subfield>
         <subfield code="2">rdacontent</subfield>
         <subfield code="0">http://id.loc.gov/vocabulary/contentTypes/txt</subfield>
      </datafield>
      <datafield ind1=" " ind2=" " tag="337">
         <subfield code="a">unmediated</subfield>
         <subfield code="2">rdamedia</subfield>
         <subfield code="0">http://id.loc.gov/vocabulary/mediaTypes/n</subfield>
      </datafield>
      <datafield ind1=" " ind2=" " tag="338">
         <subfield code="a">volume</subfield>
         <subfield code="2">rdacarrier</subfield>
         <subfield code="0">http://id.loc.gov/vocabulary/carriers/nc</subfield>
      </datafield>
      <datafield ind1=" " ind2=" " tag="504">
         <subfield code="a">Includes bibliographical references.</subfield>
      </datafield>
      <datafield ind1=" " ind2=" " tag="596">
         <subfield code="a">32</subfield>
      </datafield>
      <datafield ind1="0" ind2="0" tag="600">
         <subfield code="a">Teresa,</subfield>
         <subfield code="c">of Avila, Saint,</subfield>
         <subfield code="d">1515-1582.</subfield>
         <subfield code="0">http://id.loc.gov/authorities/names/n80037617</subfield>
      </datafield>
      <datafield ind1=" " ind2="0" tag="650">
         <subfield code="a">Christian saints</subfield>
         <subfield code="z">Spain</subfield>
         <subfield code="z">Avila</subfield>
         <subfield code="v">Biography.</subfield>
         <subfield code="0">http://id.loc.gov/authorities/subjects/sh2009119531</subfield>
      </datafield>
      <datafield ind1="1" ind2=" " tag="700">
         <subfield code="a">Fox, Lorna Scott,</subfield>
         <subfield code="e">translator.</subfield>
         <subfield code="0">http://id.loc.gov/authorities/names/n2004039575</subfield>
         <subfield code="0">http://viaf.org/viaf/164860207</subfield>
      </datafield>
      <datafield ind1=" " ind2=" " tag="758">
         <subfield code="0">http://worldcat.org/entity/work/id/3942401</subfield>
      </datafield>
      <datafield ind1="0" ind2=" " tag="787">
         <subfield code="n">OCLC Work Id</subfield>
         <subfield code="o">http://worldcat.org/entity/work/id/3942401</subfield>
      </datafield>
      <datafield ind1=" " ind2=" " tag="906">
         <subfield code="a">7</subfield>
         <subfield code="b">cbc</subfield>
         <subfield code="c">orignew</subfield>
         <subfield code="d">1</subfield>
         <subfield code="e">ecip</subfield>
         <subfield code="f">20</subfield>
         <subfield code="g">y-gencatlg</subfield>
      </datafield>
      <datafield ind1="0" ind2=" " tag="925">
         <subfield code="a">acquire</subfield>
         <subfield code="b">2 shelf copies</subfield>
         <subfield code="x">policy default</subfield>
      </datafield>
      <datafield ind1=" " ind2=" " tag="955">
         <subfield code="b">xk14 2014-05-21</subfield>
         <subfield code="i">xk14 2014-05-21 to Dewey</subfield>
         <subfield code="w">xl03 2014-05-23</subfield>
      </datafield>
      <datafield ind1=" " ind2=" " tag="963">
         <subfield code="a">Ron Harris; phone: 212-459-0600; email: rh182@columbia.edu; bc: celeste.winters@perseusbooks.com</subfield>
      </datafield>
      <datafield ind1=" " ind2=" " tag="926">
         <subfield code="a">BX 4700 T4 K7513 2015</subfield>
         <subfield code="w">LC</subfield>
         <subfield code="c">1</subfield>
         <subfield code="i">0163980490367</subfield>
         <subfield code="l">ON_SHELF</subfield>
         <subfield code="m">NEWMAN</subfield>
         <subfield code="r">Y</subfield>
         <subfield code="s">Y</subfield>
         <subfield code="t">BOOK</subfield>
         <subfield code="u">2/13/2015</subfield>
      </datafield>
   </record>
</collection>
